@article{mackinlay1986automating,
  title     = {Automating the design of graphical presentations of relational information},
  author    = {Mackinlay, Jock},
  journal   = {Acm Transactions On Graphics (Tog)},
  volume    = {5},
  number    = {2},
  pages     = {110--141},
  year      = {1986},
  publisher = {Acm New York, NY, USA}
}

@misc{d3js,
  title   = {Data-driven documents},
  url     = {https://d3js.org/},
  journal = {D3.js},
  author  = {Bostock, Mike},
  note    = {Accessed:31.03.2022}
}

@misc{unhcr,
  title   = {Operational Data Portal},
  url     = {https://data2.unhcr.org/en/situations/ukraine},
  journal = {Situation Ukraine Refugee Situation},
  author  = {UNHCR},
  note    = {Accessed:12.05.2022}
} 

@inproceedings{heer2010crowdsourcing,
  title={Crowdsourcing graphical perception: using mechanical turk to assess visualization design},
  author={Heer, Jeffrey and Bostock, Michael},
  booktitle={Proceedings of the SIGCHI conference on human factors in computing systems},
  pages={203--212},
  year={2010}
}
