@article{mackinlay1986automating,
  title     = {Automating the design of graphical presentations of relational information},
  author    = {Mackinlay, Jock},
  journal   = {Acm Transactions On Graphics (Tog)},
  volume    = {5},
  number    = {2},
  pages     = {110--141},
  year      = {1986},
  publisher = {Acm New York, NY, USA}
}

@misc{d3js,
  title   = {Data-driven documents},
  url     = {https://d3js.org/},
  journal = {D3.js},
  author  = {Bostock, Mike},
  note    = {Accessed:31.03.2022}
}

@misc{unhcr,
  title   = {Operational Data Portal},
  url     = {https://data2.unhcr.org/en/situations/ukraine},
  journal = {Situation Ukraine Refugee Situation},
  author  = {UNHCR},
  note    = {Accessed:18.08.2022}
}

@misc{unhcr_rpc,
  title   = {Refugees per Country},
  url     = {https://data.unhcr.org/population/get/sublocation?widget\_id=312121\&sv\_id=54\&population\_group=5461\&forcesublocation=0\&fromDate=1900-01-01},
  journal = {Situation Ukraine Refugee Situation},
  author  = {UNHCR},
  note    = {Accessed:18.08.2022}
}

@misc{unhcr_rpd,
  title   = {Refugees per Day},
  url     = {https://data.unhcr.org/population/get/timeseries?widget\_id=336969\& sv\_id=54\&population\_group=5460\&frequency=day\&fromDate=1900-01-01},
  journal = {Situation Ukraine Refugee Situation},
  author  = {UNHCR},
  note    = {Accessed:23.07.2022}
}

@misc{unhcr_note,
  title   = {Explanatory Note},
  url     = {https://data.unhcr.org/en/documents/details/91338},
  journal = {Situation Ukraine Refugee Situation},
  author  = {UNHCR},
  note    = {Accessed:18.08.2022}
}


@inproceedings{heer2010crowdsourcing,
  title     = {Crowdsourcing graphical perception: using mechanical turk to assess visualization design},
  author    = {Heer, Jeffrey and Bostock, Michael},
  booktitle = {Proceedings of the SIGCHI conference on human factors in computing systems},
  pages     = {203--212},
  year      = {2010}
}

@misc{d3_api,
  title   = {D3/API.md at main · D3/D3},
  url     = {https://github.com/d3/d3/blob/main/API.md},
  journal = {GitHub},
  author  = {Bostock, Mike},
  year    = {2022},
  month   = {Apr},
  note    = {Accessed:31.03.2022}
} 

@misc{bsd_license,
  title   = {The 3-clause BSD License},
  url     = {https://opensource.org/licenses/BSD-3-Clause},
  journal = {The 3-Clause BSD License | Open Source Initiative},
  note    = {Accessed:31.03.2022}
} 

@misc{w3c_selectors_api,
  url       = {https://www.w3.org/TR/selectors-api/},
  journal   = {Selectors API Level 1},
  publisher = {W3C},
  author    = {Kesteren, Anne van and Hunt, Lachlan},
  note      = {Accessed:31.03.2022}
} 

@misc{bostock_2012,
  url     = {https://bost.ocks.org/mike/join/},
  journal = {Thinking with joins},
  author  = {Bostock, Mike},
  year    = {2012},
  month   = {Feb},
  note    = {Accessed:31.03.2022}
} 

@misc{excel,
  title     = {Microsoft Excel Spreadsheet Software: Microsoft 365},
  url       = {https://www.microsoft.com/en-us/microsoft-365/excel},
  journal   = {Spreadsheet Software | Microsoft 365},
  publisher = {Microsoft},
  note      = {Accessed:20.08.2022}
} 

@misc{r,
  title     = {The R project for statistical computing},
  url       = {https://www.r-project.org/},
  journal   = {R},
  publisher = {R Foundation},
  note      = {Accessed:20.08.2022}
}

@article{sadiku2016data,
  title   = {Data visualization},
  author  = {Sadiku, Matthew and Shadare, Adebowale E and Musa, Sarhan M and Akujuobi, Cajetan M and Perry, Roy},
  journal = {International Journal of Engineering Research And Advanced Technology (IJERAT)},
  volume  = {2},
  number  = {12},
  pages   = {11--16},
  year    = {2016}
}

@misc{matplotlib,
  title   = {Matplotlib - Visualization with python},
  url     = {https://matplotlib.org/},
  journal = {Matplotlib},
  note    = {Accessed:20.08.2022}
}

@book{senner1991origins,
  title     = {The origins of writing},
  author    = {Senner, Wayne M},
  year      = {1991},
  publisher = {U of Nebraska Press}
}

@misc{statista_2022,
  title     = {Total Data Volume Worldwide 2010-2025},
  url       = {https://www.statista.com/statistics/871513/worldwide-data-created/},
  journal   = {Statista},
  publisher = {Statista Research Department},
  year      = {2022},
  month     = {May},
  note      = {Accessed:22.08.2022}
}

@book{garcia2015data,
  title     = {Data preprocessing in data mining},
  author    = {Garc{\'\i}a, Salvador and Luengo, Juli{\'a}n and Herrera, Francisco},
  volume    = {72},
  year      = {2015},
  publisher = {Springer}
}

 @misc{office_chart_types,
  title     = {Available chart types in Office},
  url       = {https://support.microsoft.com/en-us/office/available-chart-types-in-office-a6187218-807e-4103-9e0a-27cdb19afb90},
  journal   = {Available chart types in Office},
  publisher = {Microsoft Support},
  note      = {Accessed:22.08.2022}
}

@misc{sankey_package,
  title   = {D3/D3-Sankey: Visualize flow between nodes in a directed acyclic network.},
  url     = {https://github.com/d3/d3-sankey},
  journal = {GitHub},
  year    = {2019},
  month   = {Sep},
  note    = {Accessed:22.08.2022}
} 

 @inbook{henze_2021,
  place     = {Berlin},
  edition   = {13},
  title     = {Grundbegriffe der deskriptiven Statistik},
  booktitle = {Stochastik Für Einsteiger eine Einführung in die faszinierende Welt des Zufalls},
  publisher = {Springer Berlin},
  author    = {Henze, Norbert},
  year      = {2021},
  pages     = {21}
}

 @misc{davies,
  url     = {https://www.jasondavies.com/maps/transition/},
  journal = {Map Projection Transitions},
  author  = {Davies, Jason},
  note    = {Accessed:24.08.2022}
}

 @misc{carter_2012,
  title     = {Four ways to Slice Obama's 2013 budget proposal},
  url       = {https://archive.nytimes.com/www.nytimes.com/interactive/2012/02/ 13/us/politics/2013-budget-proposal-graphic.html},
  journal   = {Four Ways to Slice Obama's 2013 Budget Proposal},
  publisher = {The New York Times},
  author    = {Carter, Shan},
  year      = {2012},
  month     = {Feb},
  note      = {Accessed:24.08.2022}
}

@misc{bostock_2020,
  title   = {Tadpoles},
  url     = {https://observablehq.com/@mbostock/tadpoles},
  journal = {Observable},
  author  = {Bostock, Mike},
  year    = {2020},
  month   = {Sep},
  note    = {Accessed:24.08.2022}
}

@misc{davies_sphere,
  title   = {Sphere Spirals},
  url     = {https://www.jasondavies.com/maps/sphere-spirals/},
  journal = {Sphere spirals},
  author  = {Davies, Jason},
  note    = {Accessed:24.08.2022}
} 

@article{tufte,
  author  = {Tufte, Edward and Katter, O.},
  year    = {1984},
  month   = {06},
  title   = {The Visual Display of Quantitative Information},
  volume  = {PC-27},
  journal = {Professional Communication, IEEE Transactions on},
  doi     = {10.1109/TPC.1984.6448807}
}

@misc{tuftevisual,
  title     = {The visual display of quantitative information},
  author    = {Tufte, Edward},
  publisher = {Cheshire: Graphic Press.--2001.--213 p}
}

@misc{chartjs,
  title   = {Chart.js},
  url     = {https://www.chartjs.org/},
  journal = {Chart.js | Open source HTML5 Charts for your website},
  note    = {Accessed:27.08.2022}
}

@misc{plotly,
  title   = {Plotly JavaScript Open Source Graphing Library},
  url     = {https://plotly.com/javascript/},
  journal = {Plotly javascript graphing library in JavaScript},
  note    = {Accessed:27.08.2022}
}

@misc{ecmascript,
  title   = {ECMAScript 6: New features: Overview and comparison},
  url     = {http://es6-features.org/\#ExpressionBodies},
  journal = {ECMAScript 6: New Features: Overview and Comparison},
  note    = {Accessed:27.08.2022}
}

@misc{unhcr_what,
  title     = {Frequently asked questions},
  url       = {https://www.unhcr.org/frequently-asked-questions.html\#whatdoesUNHCRstandfor},
  journal   = {UNHCR},
  publisher = {UNHCR, The UN Refugee Agency},
  author    = {United Nations High Commissioner for Refugees}
} 